<record><leader>00000cas a22000007a 4500</leader><controlfield tag="001">13194650</controlfield><controlfield tag="008">860225d19031920inudn ne      0    0eng d</controlfield><datafield ind1=" " ind2=" " tag="010"><subfield code="a">sn 86058039 </subfield></datafield><datafield ind1=" " ind2=" " tag="040"><subfield code="a">NPI</subfield><subfield code="b">eng</subfield><subfield code="c">NPI</subfield><subfield code="d">OCLCQ</subfield></datafield><datafield ind1=" " ind2=" " tag="042"><subfield code="a">msc</subfield></datafield><datafield ind1="0" ind2=" " tag="130"><subfield code="a">Vincennes capital (Vincennes, Ind. : Daily)</subfield></datafield><datafield ind1="1" ind2="4" tag="245"><subfield code="a">The Vincennes capital.</subfield></datafield><datafield ind1=" " ind2=" " tag="260"><subfield code="a">Vincennes, Ind. :</subfield><subfield code="b">Frank W. Curtis, Perry D. Green, Ralph DuKate,</subfield><subfield code="c">1903-1920.</subfield></datafield><datafield ind1=" " ind2=" " tag="310"><subfield code="a">Daily (except Sun.)</subfield></datafield><datafield ind1="0" ind2=" " tag="362"><subfield code="a">Vol. 4, no. 57 (May 2, 1903)-v. 21, no. 136 (Aug. 7, 1920).</subfield></datafield><datafield ind1=" " ind2=" " tag="580"><subfield code="a">Also issued in a weekly ed.</subfield></datafield><datafield ind1=" " ind2=" " tag="752"><subfield code="a">United States</subfield><subfield code="b">Indiana</subfield><subfield code="c">Knox</subfield><subfield code="d">Vincennes.</subfield></datafield><datafield ind1="1" ind2=" " tag="775"><subfield code="t">Vincennes capital (Vincennes, Ind. : Weekly)</subfield><subfield code="w">(DLC)sn 86058040</subfield></datafield><datafield ind1="0" ind2="0" tag="780"><subfield code="t">Daily capital (Vincennes, Ind.)</subfield><subfield code="w">(DLC)sn 86059150</subfield></datafield><datafield ind1="0" ind2="4" tag="785"><subfield code="t">Vincennes sun</subfield><subfield code="w">(DLC)sn 82015404</subfield></datafield></record>